<record><leader>00000cas a22000007a 4500</leader><controlfield tag="001">22608928</controlfield><controlfield tag="008">901030d18671871coudn ne      0    0eng d</controlfield><datafield ind1=" " ind2=" " tag="010"><subfield code="a">sn 90051887 </subfield></datafield><datafield ind1=" " ind2=" " tag="040"><subfield code="a">CNQ</subfield><subfield code="b">eng</subfield><subfield code="c">CNQ</subfield><subfield code="d">CNK</subfield><subfield code="d">OCLCQ</subfield></datafield><datafield ind1=" " ind2=" " tag="042"><subfield code="a">msc</subfield></datafield><datafield ind1="0" ind2="4" tag="245"><subfield code="a">The daily Colorado tribune.</subfield></datafield><datafield ind1="1" ind2="3" tag="246"><subfield code="a">Colorado tribune</subfield></datafield><datafield ind1=" " ind2=" " tag="260"><subfield code="a">Denver, Colo. :</subfield><subfield code="b">L.M. Koons</subfield></datafield><datafield ind1=" " ind2=" " tag="300"><subfield code="a">v.</subfield></datafield><datafield ind1=" " ind2=" " tag="310"><subfield code="a">Daily (except Mon.)</subfield></datafield><datafield ind1="0" ind2=" " tag="362"><subfield code="a">Vol. 1, no. 86 (May 15, 1867)-v. 6, no. 16 (Jan. 19, 1871).</subfield></datafield><datafield ind1=" " ind2=" " tag="530"><subfield code="a">Available on microfilm from the Colorado Historical Society.</subfield></datafield><datafield ind1=" " ind2=" " tag="580"><subfield code="a">Weekly eds.: Colorado tribune (Denver, Colo. : 1867), and: Weekly Colorado tribune, and: Colorado tribune (Denver, Colo. : 1869).</subfield></datafield><datafield ind1=" " ind2=" " tag="752"><subfield code="a">United States</subfield><subfield code="b">Colorado</subfield><subfield code="c">Denver</subfield><subfield code="d">Denver.</subfield></datafield><datafield ind1="1" ind2=" " tag="775"><subfield code="t">Colorado tribune (Denver, Colo. : 1867)</subfield><subfield code="w">(DLC)sn 91052077</subfield></datafield><datafield ind1="1" ind2=" " tag="775"><subfield code="t">Weekly Colorado tribune</subfield><subfield code="w">(DLC)sn 91052076</subfield></datafield><datafield ind1="1" ind2=" " tag="775"><subfield code="t">Colorado tribune (Denver, Colo. : 1869)</subfield><subfield code="w">(DLC)sn 91052075</subfield></datafield><datafield ind1="0" ind2="0" tag="780"><subfield code="t">Denver daily</subfield><subfield code="w">(DLC)sn 90051205</subfield></datafield><datafield ind1="0" ind2="0" tag="785"><subfield code="t">Denver tribune (Denver, Colo. : 1871)</subfield><subfield code="w">(DLC)sn 84022331</subfield></datafield></record>